@article{sippl1999biological,
  title={Biological sequence analysis. Probabilistic models of proteins and nucleic acids, edited by R. Durbin, S. Eddy, A. Krogh, and G. Mitchinson. 1998. Cambridge: Cambridge University Press. 356 pp.{\pounds} 55.00 ($80.00)(hardcover);{\pounds} 19.95 ($34.95)},
  author={Sippl, Manfred J},
  journal={Protein Science},
  volume={8},
  number={3},
  pages={695--695},
  year={1999},
  publisher={Cambridge University Press}
}

@Manual{AdvancedR,
  title = {Advanced R},
  author = {Hadley Wickham},
  year={2021},
  url = {https://adv-r.hadley.nz/},
}